@inproceedings{mildenhall2020nerf,
  title={NeRF: Representing Scenes as Neural Radiance Fields for View Synthesis},
  author={Ben Mildenhall and Pratul P. Srinivasan and Matthew Tancik and Jonathan T. Barron and Ravi Ramamoorthi and Ren Ng},
  year={2020},
  booktitle={ECCV},
}

@book{ussr1981phototech,
	title =     {Фотокинотехника. Энциклопедия},
	author =    {Иофис Е.А. (ред.)},
	publisher = {Советская Энциклопедия},
	year =      {1981},
}

@book{Hartley:2003:MVG:861369,
  address = {New York, NY, USA},
  author = {Hartley, Richard and Zisserman, Andrew},
  biburl = {https://www.bibsonomy.org/bibtex/24867b22ef159cc28fc1bbe1476a0ec57/daill},
  description = {Multiple View Geometry in Computer Vision},
  edition = 2,
  interhash = {7894893cb1baf364de16c2d27541e4c4},
  intrahash = {4867b22ef159cc28fc1bbe1476a0ec57},
  isbn = {0521540518},
  keywords = {geometry multiple view zisserman},
  publisher = {Cambridge University Press},
  title = {Multiple View Geometry in Computer Vision},
  year = 2003
}

@misc{fsian2022comparisonstereomatchingalgorithms,
	title={Comparison of Stereo Matching Algorithms for the Development of Disparity Map},
	author={Hamid Fsian and Vahid Mohammadi and Pierre Gouton and Saeid Minaei},
	year={2022},
	eprint={2210.15926},
	archivePrefix={arXiv},
	primaryClass={cs.CV},
	url={https://arxiv.org/abs/2210.15926},
}

@article{kok2019reviewonsterevision,
	author = {Kok, Kai Yit and Rajendran, Parvathy},
	year = {2019},
	month = {11},
	pages = {},
	title = {A Review on Stereo Vision Algorithm: Challenges and Solutions},
	volume = {13},
	doi = {10.37936/ecti-cit.2019132.194324}
}
